<?xml version="1.0" encoding="UTF-8"?><collection xmlns="http://www.loc.gov/MARC21/slim"><record><leader>00665nam--2200181-i-4500</leader><controlfield tag="001">000031702</controlfield><controlfield tag="002">20161230</controlfield><controlfield tag="005">20161230201038</controlfield><controlfield tag="008">060222s1000------------r-----000-0-eng-d</controlfield><datafield ind1=" " ind2=" " tag="040"><subfield code="a">IFIN-HH</subfield></datafield><datafield ind1=" " ind2=" " tag="080"><subfield code="a">530.1(042.3)</subfield></datafield><datafield ind1="1" ind2=" " tag="100"><subfield code="a">Brittin, Wesley E./S.A</subfield></datafield><datafield ind1="1" ind2="0" tag="245"><subfield code="a">Lectures in theoretical physics. lectures delivered at the summer insitute for theoretical physics, university of colorado,boulder, 1964.volume vii b- elementary particles</subfield><subfield code="c">WESLEY E. BRITTIN, LEONA MARSHALL (eds.)</subfield></datafield><datafield ind1=" " ind2=" " tag="260"><subfield code="a">Boulder</subfield><subfield code="b">The University Of Colorado Press</subfield><subfield code="c">1965</subfield></datafield><datafield ind1=" " ind2=" " tag="300"><subfield code="a">VIII+472 P</subfield></datafield><datafield ind1="1" ind2=" " tag="700"><subfield code="a">Marshall, Leona</subfield><subfield code="e">ed</subfield></datafield><datafield ind1=" " ind2=" " tag="852"><subfield code="a">15333</subfield><subfield code="c">530.1</subfield></datafield><datafield ind1=" " ind2=" " tag="CAT"><subfield code="a">Sys</subfield><subfield code="c">20160415</subfield><subfield code="h">122855</subfield></datafield></record></collection>